@book{kim2016devops,
  title={The DevOps Handbook: How to Create World-Class Agility, Reliability, and Security in Technology Organizations},
  author={Kim, Gene and Humble, Jez and Debois, Patrick and Willis, John},
  year={2016},
  publisher={IT Revolution Press},
  address={Portland, OR},
  chapter={1}
}

@article{McCauley,
    author = {Ren√©e {McCauley} and Sue {Fitzgerald} and Gary {Lewandowski} and Laurie {Murphy} and Beth {Simon} and Lynda {Thomas} and Carol {Zander}},
    title = {Debugging: a review of the literature from an educational perspective},
    year = {2008},
    journal = {Computer Science Education},
    pages = {67}
}